
@inproceedings{giorgio_cenni_2008,
	address = {Pollenzo (Cuneo)},
	title = {Cenni storici. {La} videolaringoscopia.},
	booktitle = {{XXXII} {Convegno} {Nazionale} di {Aggiornamento} 2008},
	author = {Giorgio, Sperati and Delfo, Casolino and Daria, Salsi},
	year = {2008},
}

@unknown{lumini_plankton,
	author = {Lumini, Alessandra and Nanni, Loris and Maguolo, Gianluca},
	year = {2019},
	month = {08},
	pages = {},
	title = {Deep learning for Plankton and Coral Classification}
}

@article{moccia_larynge,
	author = {Moccia, Sara and De Momi, Elena and Guarnaschelli, Marco and Savazzi, Matteo and Laborai, Andrea},
	year = {2017},
	month = {09},
	pages = {1},
	title = {Confident texture-based laryngeal tissue classification for early stage diagnosis support},
	volume = {4},
	journal = {Journal of Medical Imaging}
}

@article{patrini_transfer_learning,
	author = {Patrini, Ilaria and Ruperti, Michela and Moccia, Sara and Mattos, Leonardo and Frontoni, Emanuele and De Momi, Elena},
	year = {2020},
	month = {03},
	pages = {},
	title = {Transfer learning for informative-frame selection in laryngoscopic videos through learned features},
	volume = {58},
	journal = {Medical \& Biological Engineering \& Computing},
}
